@article{macgillivray2019worldwide,
	title={Worldwide global datasphere IoT device and data forecast 2019--2023},
	author={MacGillivray, C and Reinsel, D},
	journal={Int. Data Corp.(IDC), Framingham, MA, USA, Tech. Rep. US45066919},
	year={2019}
}

@Misc{arkit,
	howpublished = {\url{https://developer.apple.com/cn/augmented-reality/arkit/.}},
	note = {},
	title = {},
	author = {Apple}
}

@Misc{homeass,
	howpublished = {\url{https://www.home-assistant.io/}},
	note = {},
	title = {},
	author = {Home assistant}
}


@Misc{arcore,
	howpublished = {\url{https://developers.google.cn/ar/.}},
	note = {},
	title = {},
	author = {Google}
}

@inproceedings{strecke2019fusion,
	title={EM-fusion: Dynamic object-level SLAM with probabilistic data association},
	author={Strecke, Michael and Stuckler, Jorg},
	booktitle={Proceedings of the IEEE International Conference on Computer Vision},
	pages={5865--5874},
	year={2019}
}

@inproceedings{runz2018maskfusion,
	title={Maskfusion: Real-time recognition, tracking and reconstruction of multiple moving objects},
	author={Runz, Martin and Buffier, Maud and Agapito, Lourdes},
	booktitle={2018 IEEE International Symposium on Mixed and Augmented Reality (ISMAR)},
	pages={10--20},
	year={2018},
	organization={IEEE}
}

@inproceedings{salas2013slam++,
	title={Slam++: Simultaneous localisation and mapping at the level of objects},
	author={Salas-Moreno, Renato F and Newcombe, Richard A and Strasdat, Hauke and Kelly, Paul HJ and Davison, Andrew J},
	booktitle={Proceedings of the IEEE conference on computer vision and pattern recognition},
	pages={1352--1359},
	year={2013}
}


@inproceedings{wang2010design,
	title={Design and implementation of augmented reality system collaborating with QR code},
	author={Wang, Jian-tung and Shyi, Chia-Nian and Hou, T-W and Fong, CP},
	booktitle={2010 International Computer Symposium (ICS2010)},
	pages={414--418},
	year={2010},
	organization={IEEE}
}

@inproceedings{olson2011apriltag,
	title={AprilTag: A robust and flexible visual fiducial system},
	author={Olson, Edwin},
	booktitle={2011 IEEE International Conference on Robotics and Automation},
	pages={3400--3407},
	year={2011},
	organization={IEEE}
}

@inproceedings{ren2015faster,
	title={Faster r-cnn: Towards real-time object detection with region proposal networks},
	author={Ren, Shaoqing and He, Kaiming and Girshick, Ross and Sun, Jian},
	booktitle={Advances in neural information processing systems},
	pages={91--99},
	year={2015}
}

@article{redmon2018yolov3,
	title={Yolov3: An incremental improvement},
	author={Redmon, Joseph and Farhadi, Ali},
	journal={arXiv preprint arXiv:1804.02767},
	year={2018}
}

@inproceedings{qin2019thundernet,
	title={ThunderNet: Towards real-time generic object detection on mobile devices},
	author={Qin, Zheng and Li, Zeming and Zhang, Zhaoning and Bao, Yiping and Yu, Gang and Peng, Yuxing and Sun, Jian},
	booktitle={Proceedings of the IEEE International Conference on Computer Vision},
	pages={6718--6727},
	year={2019}
}


@inproceedings{philbin2008lost,
	title={Lost in quantization: Improving particular object retrieval in large scale image databases},
	author={Philbin, James and Chum, Ondrej and Isard, Michael and Sivic, Josef and Zisserman, Andrew},
	booktitle={2008 IEEE conference on computer vision and pattern recognition},
	pages={1--8},
	year={2008},
	organization={IEEE}
}

@article{zheng2017sift,
	title={SIFT meets CNN: A decade survey of instance retrieval},
	author={Zheng, Liang and Yang, Yi and Tian, Qi},
	journal={IEEE transactions on pattern analysis and machine intelligence},
	volume={40},
	number={5},
	pages={1224--1244},
	year={2017},
	publisher={IEEE}
}

@inproceedings{zachariah2020browsing,
	title={Browsing the Web of Connectable Things.},
	author={Zachariah, Thomas and Adkins, Joshua and Dutta, Prabal},
	booktitle={EWSN},
	pages={49--60},
	year={2020}
}

@inproceedings{alanwar2017selecon,
	title={Selecon: Scalable iot device selection and control using hand gestures},
	author={Alanwar, Amr and Alzantot, Moustafa and Ho, Bo-Jhang and Martin, Paul and Srivastava, Mani},
	booktitle={Proceedings of the Second International Conference on Internet-of-Things Design and Implementation},
	pages={47--58},
	year={2017}
}

@inproceedings{pu2013whole,
	title={Whole-home gesture recognition using wireless signals},
	author={Pu, Qifan and Gupta, Sidhant and Gollakota, Shyamnath and Patel, Shwetak},
	booktitle={Proceedings of the 19th annual international conference on Mobile computing \& networking},
	pages={27--38},
	year={2013}
}

@inproceedings{mao2016cat,
	title={CAT: high-precision acoustic motion tracking},
	author={Mao, Wenguang and He, Jian and Qiu, Lili},
	booktitle={Proceedings of the 22nd Annual International Conference on Mobile Computing and Networking},
	pages={69--81},
	year={2016}
}

@article{mur2017orb,
	title={Orb-slam2: An open-source slam system for monocular, stereo, and rgb-d cameras},
	author={Mur-Artal, Raul and Tard{\'o}s, Juan D},
	journal={IEEE Transactions on Robotics},
	volume={33},
	number={5},
	pages={1255--1262},
	year={2017},
	publisher={IEEE}
}


@article{chen2018snaplink,
	title={Snaplink: Fast and accurate vision-based appliance control in large commercial buildings},
	author={Chen, Kaifei and F{\"u}rst, Jonathan and Kolb, John and Kim, Hyung-Sin and Jin, Xin and Culler, David E and Katz, Randy H},
	journal={Proceedings of the ACM on Interactive, Mobile, Wearable and Ubiquitous Technologies},
	volume={1},
	number={4},
	pages={1--27},
	year={2018},
	publisher={ACM New York, NY, USA}
}


@inproceedings{de2016snap,
	title={Snap-to-it: A user-inspired platform for opportunistic device interactions},
	author={de Freitas, Adrian A and Nebeling, Michael and Chen, Xiang'Anthony' and Yang, Junrui and Karthikeyan Ranithangam, Akshaye Shreenithi Kirupa and Dey, Anind K},
	booktitle={Proceedings of the 2016 CHI Conference on Human Factors in Computing Systems},
	pages={5909--5920},
	year={2016}
}


@InProceedings{He_2017_ICCV,
	author = {He, Kaiming and Gkioxari, Georgia and Dollar, Piotr and Girshick, Ross},
	title = {Mask R-CNN},
	booktitle = {Proceedings of the IEEE International Conference on Computer Vision (ICCV)},
	month = {Oct},
	year = {2017}
}



@software{glenn_jocher_2020_4154370,
	author       = {Glenn Jocher and
	Alex Stoken and
	Jirka Borovec and
	NanoCode012 and
	ChristopherSTAN and
	Liu Changyu and
	Laughing and
	tkianai and
	Adam Hogan and
	lorenzomammana and
	yxNONG and
	AlexWang1900 and
	Laurentiu Diaconu and
	Marc and
	wanghaoyang0106 and
	ml5ah and
	Doug and
	Francisco Ingham and
	Frederik and
	Guilhen and
	Hatovix and
	Jake Poznanski and
	Jiacong Fang and
	Lijun Yu and
	changyu98 and
	Mingyu Wang and
	Naman Gupta and
	Osama Akhtar and
	PetrDvoracek and
	Prashant Rai},
	title        = {{ultralytics/yolov5: v3.1 - Bug Fixes and 
	Performance Improvements}},
	month        = oct,
	year         = 2020,
	publisher    = {Zenodo},
	version      = {v3.1},
	doi          = {10.5281/zenodo.4154370},
	url          = {https://doi.org/10.5281/zenodo.4154370}
}


@software{zh,
	author       = {None},
	title        = {{YOLOv5 Torchscript}},
	month        = aug,
	year         = 2020,
	publisher    = {1},
	version      = {1},
	doi          = {1},
	url          = {https://github.com/zherlock030/YOLOv5_Torchscript}
}

@software{fhc,
	author       = {None},
	title        = {{Image Retrieval}},
	month        = oct,
	year         = 2020,
	publisher    = {1},
	version      = {1},
	doi          = {1},
	url          = {https://github.com/zherlock030/Image_Retrieval}
}


@Misc{xiaomi,
	howpublished = {\url{https://home.mi.com/}},
	note = {},
	title = {},
	author = {Xiaomi}
}


@Misc{oneplus,
	howpublished = {\url{https://www.oneplus.com/.}},
	note = {},
	title = {},
	author = {OnePlus}
}


@article{redmon2018yolov3,
	title={Yolov3: An incremental improvement},
	author={Redmon, Joseph and Farhadi, Ali},
	journal={arXiv preprint arXiv:1804.02767},
	year={2018}
}


@inproceedings{ren2015faster,
	title={Faster r-cnn: Towards real-time object detection with region proposal networks},
	author={Ren, Shaoqing and He, Kaiming and Girshick, Ross and Sun, Jian},
	booktitle={Advances in neural information processing systems},
	pages={91--99},
	year={2015}
}


@inproceedings{he2019bag,
	title={Bag of tricks for image classification with convolutional neural networks},
	author={He, Tong and Zhang, Zhi and Zhang, Hang and Zhang, Zhongyue and Xie, Junyuan and Li, Mu},
	booktitle={Proceedings of the IEEE/CVF Conference on Computer Vision and Pattern Recognition},
	pages={558--567},
	year={2019}
}


@article{zou2019object,
	title={Object detection in 20 years: A survey},
	author={Zou, Zhengxia and Shi, Zhenwei and Guo, Yuhong and Ye, Jieping},
	journal={arXiv preprint arXiv:1905.05055},
	year={2019}
}


@inproceedings{sattler2011fast,
	title={Fast image-based localization using direct 2d-to-3d matching},
	author={Sattler, Torsten and Leibe, Bastian and Kobbelt, Leif},
	booktitle={2011 International Conference on Computer Vision},
	pages={667--674},
	year={2011},
	organization={IEEE}
}


@inproceedings{engel2014lsd,
	title={LSD-SLAM: Large-scale direct monocular SLAM},
	author={Engel, Jakob and Sch{\"o}ps, Thomas and Cremers, Daniel},
	booktitle={European conference on computer vision},
	pages={834--849},
	year={2014},
	organization={Springer}
}

@inproceedings{bowman2017probabilistic,
	title={Probabilistic data association for semantic slam},
	author={Bowman, Sean L and Atanasov, Nikolay and Daniilidis, Kostas and Pappas, George J},
	booktitle={2017 IEEE international conference on robotics and automation (ICRA)},
	pages={1722--1729},
	year={2017},
	organization={IEEE}
}

@inproceedings{kaneko2018mask,
	title={Mask-slam: Robust feature-based monocular slam by masking using semantic segmentation},
	author={Kaneko, Masaya and Iwami, Kazuya and Ogawa, Toru and Yamasaki, Toshihiko and Aizawa, Kiyoharu},
	booktitle={Proceedings of the IEEE conference on computer vision and pattern recognition workshops},
	pages={258--266},
	year={2018}
}


@inproceedings{strecke2019fusion, 
	title={Em-fusion: Dynamic object-level slam with probabilistic data association},
	author={Strecke, Michael and Stuckler, Jorg},
	booktitle={Proceedings of the IEEE/CVF International Conference on Computer Vision},
	pages={5865--5874},
	year={2019}
}

@inproceedings{mccormac2018fusion++,
	title={Fusion++: Volumetric object-level slam},
	author={McCormac, John and Clark, Ronald and Bloesch, Michael and Davison, Andrew and Leutenegger, Stefan},
	booktitle={2018 international conference on 3D vision (3DV)},
	pages={32--41},
	year={2018},
	organization={IEEE}
}


@article{galvez2012bags,
	title={Bags of binary words for fast place recognition in image sequences},
	author={G{\'a}lvez-L{\'o}pez, Dorian and Tardos, Juan D},
	journal={IEEE Transactions on Robotics},
	volume={28},
	number={5},
	pages={1188--1197},
	year={2012},
	publisher={IEEE}
}


@article{derpanis2010overview,
	title={Overview of the RANSAC Algorithm},
	author={Derpanis, Konstantinos G},
	journal={Image Rochester NY},
	volume={4},
	number={1},
	pages={2--3},
	year={2010}
}

@inproceedings{ren2018sbnet,
	title={Sbnet: Sparse blocks network for fast inference},
	author={Ren, Mengye and Pokrovsky, Andrei and Yang, Bin and Urtasun, Raquel},
	booktitle={Proceedings of the IEEE Conference on Computer Vision and Pattern Recognition},
	pages={8711--8720},
	year={2018}
}

@article{graham2015sparse,
	title={Sparse 3D convolutional neural networks},
	author={Graham, Ben},
	journal={arXiv preprint arXiv:1505.02890},
	year={2015}
}


@article{li2019iot,
	title={IoT forensics: Amazon echo as a use case},
	author={Li, Shancang and Choo, Kim-Kwang Raymond and Sun, Qindong and Buchanan, William J and Cao, Jiuxin},
	journal={IEEE Internet of Things Journal},
	volume={6},
	number={4},
	pages={6487--6497},
	year={2019},
	publisher={IEEE}
}

@inproceedings{porcheron2018voice,
	title={Voice interfaces in everyday life},
	author={Porcheron, Martin and Fischer, Joel E and Reeves, Stuart and Sharples, Sarah},
	booktitle={proceedings of the 2018 CHI conference on human factors in computing systems},
	pages={1--12},
	year={2018}
}

@inproceedings{liu2019edge,
	title={Edge assisted real-time object detection for mobile augmented reality},
	author={Liu, Luyang and Li, Hongyu and Gruteser, Marco},
	booktitle={The 25th Annual International Conference on Mobile Computing and Networking},
	pages={1--16},
	year={2019}
}

@article{liu2021edgesharing,
	title={EdgeSharing: Edge Assisted Real-time Localization and Object Sharing in Urban Streets},
	author={Liu, Luyang and Gruteser, Marco},
	year={2021}
}

@inproceedings{ben2020edge,
	title={Edge-slam: Edge-assisted visual simultaneous localization and mapping},
	author={Ben Ali, Ali J and Hashemifar, Zakieh Sadat and Dantu, Karthik},
	booktitle={Proceedings of the 18th International Conference on Mobile Systems, Applications, and Services},
	pages={325--337},
	year={2020}
}

@inproceedings{xu2020edge,
	title={Edge assisted mobile semantic visual slam},
	author={Xu, Jingao and Cao, Hao and Li, Danyang and Huang, Kehong and Qian, Chen and Shangguan, Longfei and Yang, Zheng},
	booktitle={IEEE INFOCOM 2020-IEEE Conference on Computer Communications},
	pages={1828--1837},
	year={2020},
	organization={IEEE}
}


@incollection{jenson2014physical,
	title={The physical web},
	author={Jenson, Scott},
	booktitle={CHI'14 Extended Abstracts on Human Factors in Computing Systems},
	pages={15--16},
	year={2014}
}

@inproceedings{yao2020video,
	title={Video object detection via object-level temporal aggregation},
	author={Yao, Chun-Han and Fang, Chen and Shen, Xiaohui and Wan, Yangyue and Yang, Ming-Hsuan},
	booktitle={European conference on computer vision},
	pages={160--177},
	year={2020},
	organization={Springer}
}

@inproceedings{redmon2016you,
	title={You only look once: Unified, real-time object detection},
	author={Redmon, Joseph and Divvala, Santosh and Girshick, Ross and Farhadi, Ali},
	booktitle={Proceedings of the IEEE conference on computer vision and pattern recognition},
	pages={779--788},
	year={2016}
}

